<?xml version="1.0" encoding="UTF-8"?><collection xmlns="http://www.loc.gov/MARC21/slim"><record><leader>00411nam--2200157-i-4500</leader><controlfield tag="001">000037802</controlfield><controlfield tag="002">20161230</controlfield><controlfield tag="005">20170122230405</controlfield><controlfield tag="008">060222s1000------------r-----000-0-eng-d</controlfield><datafield ind1=" " ind2=" " tag="100"><subfield code="a">Ramo, Simon</subfield></datafield><datafield ind1=" " ind2=" " tag="245"><subfield code="a">Fields and waves in communication electronics</subfield></datafield><datafield ind1=" " ind2=" " tag="260"><subfield code="a">New York</subfield><subfield code="b">John Wiley &amp; Sons, Inc</subfield><subfield code="c">1965</subfield></datafield><datafield ind1=" " ind2=" " tag="300"><subfield code="a">XVI + 754 p</subfield></datafield><datafield ind1=" " ind2=" " tag="700"><subfield code="a">Van Duser, T</subfield></datafield><datafield ind1=" " ind2=" " tag="852"><subfield code="a">22386</subfield></datafield><datafield ind1=" " ind2=" " tag="CAT"><subfield code="a">SYS</subfield><subfield code="c">20170122</subfield><subfield code="h">230405</subfield></datafield></record></collection>